<?xml version="1.0" encoding="UTF-8"?><collection><record><leader>07505ntm a2200553 a 4500</leader><controlfield tag="001">006833637</controlfield><controlfield tag="003">MiAaHDL</controlfield><controlfield tag="005">20190719000000.0</controlfield><controlfield tag="006">m        d        </controlfield><controlfield tag="007">cr bn ---auaua</controlfield><controlfield tag="008">090701q16401699xx            00| ||ara d</controlfield><datafield tag="035" ind1=" " ind2=" "><subfield code="a">(MiU)006833637</subfield></datafield><datafield tag="035" ind1=" " ind2=" "><subfield code="a">sdr-miu006833637</subfield></datafield><datafield tag="040" ind1=" " ind2=" "><subfield code="a">MiU</subfield><subfield code="c">MiU</subfield><subfield code="e">amremm</subfield></datafield><datafield tag="043" ind1=" " ind2=" "><subfield code="a">n-us-mi</subfield></datafield><datafield tag="100" ind1="1" ind2=" "><subfield code="6">880-01</subfield><subfield code="a">Shirwānī, Masʻūd ibn Ḥusayn,</subfield><subfield code="d">-1499 or 1500.</subfield></datafield><datafield tag="245" ind1="1" ind2="0"><subfield code="6">880-03</subfield><subfield code="a">Sharḥ Masʻūd al-Rūmī ʻalá Risālat al-Samarqandī fī ʻilm al-munāẓarah wa-ādāb al-baḥth,</subfield><subfield code="f">[mid to late 17th century?].</subfield></datafield><datafield tag="246" ind1="3" ind2="8"><subfield code="a">شرح مسعود الرومي</subfield></datafield><datafield tag="260" ind1=" " ind2=" "><subfield code="c">[1640-1699?].</subfield></datafield><datafield tag="300" ind1=" " ind2=" "><subfield code="a">68 leaves :</subfield><subfield code="b">paper ;</subfield><subfield code="c">197 x 137 (146 x 68, 146-154 x 60) mm. bound to 203 x 145 mm.</subfield></datafield><datafield tag="500" ind1=" " ind2=" "><subfield code="a">Shelfmark: Ann Arbor, University of Michigan, Special Collections Library, Isl. Ms. 985</subfield></datafield><datafield tag="500" ind1=" " ind2=" "><subfield code="a">Origin: Lacks dated colophon ; paper, etc. would suggest mid to late 17th century.</subfield></datafield><datafield tag="500" ind1=" " ind2=" "><subfield code="a">Accompanying materials: Slip carrying glosses (marked "حاشية") tipped in (paginated pp.8-88).</subfield></datafield><datafield tag="500" ind1=" " ind2=" "><subfield code="a">Former shelfmark: Mich. Isl. Ms. temp. no. 134</subfield></datafield><datafield tag="500" ind1=" " ind2=" "><subfield code="a">Binding: Boards covered in dark green cloth with dark green leather over spine (quarter binding) ; Western style binding ; pastedowns and flyleaves in wove paper printed with a floral vegetal pattern in green ; spine gold-stamped with title and decorative accents over raised bands "شرح مسعود الرومي | J.H.D." ; edges of text block flecked blue ; sewn in white thread over three recessed cords, quite tightly bound ; overall in good condition.</subfield></datafield><datafield tag="500" ind1=" " ind2=" "><subfield code="a">Support: European laid paper of several types, often ; opening type with 10 laid lines per cm. (vertical), chain lines spaced 27-28 mm. apart (horizontal), watermark of three hats (pp.8, 14, 18, etc.) and countermark of "V G" under trefoil (see pp.2, 6, etc.), sturdy though thin and transluscent, medium cream in color, well-burnished ; another type with 6-7 laid lines per cm. (vertical), chain lines spaced 28-30 mm. apart (horizontal), crown-star-crescent watermark (see pp.44, 50, 52, etc.), and "V d" / "V b" under trefoil countermark (pp.54, 56, etc.), sturdy, cream in color, only recto of each leaf well-burnished ; another type with 11 laid lines per cm. (vertical), chain lines spaced 26-28 mm. apart (horizontal), and watermark of paschal lamb in four lobed circle (see pp.64, 76, 80, etc.), thin and transluscent though sturdy, medium cream in color, well-burnished ; another type with 10 laid lines per cm. (vertical), chain lines spaced 22-24 mm. apart (horizontal), and watermark of large arms / scrollwork with lion (see pp.104, 106, 112, 114, 122, 128, 130, etc. and compare "Armoiries. Lion" nos.1 and 3 in Velkov, Les Filigranes dans les documents Ottomans: divers types d’images), thin though sturdy, medium cream in color, burnished ; other watermarks appearing include three circles (see pp.26, 36), three crescents / tre lune (see pp.30, 32), and latin cross in heart (see pp.102, 118, 138).</subfield></datafield><datafield tag="500" ind1=" " ind2=" "><subfield code="a">Decoration: Headings, keywords and many notabilia (side-heads) rubricated ; textual dividers in the form of red discs ; overlining in red ; written area surrounded by black or red double rule-border (opening through p.49, 59-113) with margin also surrounded by single rule-border in either black or red (opening through p.49, 59-89).</subfield></datafield><datafield tag="500" ind1=" " ind2=" "><subfield code="a">Script: Naskh ; clear, compact Egyptian [?] hand with Turkish features in a thin to medium line, varying slightly in size and compactness with changes in layout but seemingly supplied by the same hand ; serifless with slight effect of tilt to the left and of words descending to baseline (particularly dramatic on final line of many pages), curvilinear descenders, pointing mainly in strokes or conjoined dots, free assimilation of leters, final or free-standing nūn squat and wide with point set down in or occasionally assimilated with bowl, final yāʼ usually unpointed.</subfield></datafield><datafield tag="500" ind1=" " ind2=" "><subfield code="a">Layout: Written mainly in 15 lines per page (p.58 in 28 lines anomalously) with varying lines of glosses on the diagonal or in decorative shapes in the ruled margins ; frame-ruled (impression of ruling board evident).</subfield></datafield><datafield tag="500" ind1=" " ind2=" "><subfield code="a">Collation: i, 2 V(20), 2 V-1(38), 3 V(68), i ; exclusively quinions (two anomalous) ; lacks proper catchwords, but last word(s) of final line on the verso of each leaf is often but irregularly repeated at the beginning of the first line on the following recto ; pagination in pencil, Western numerals, supplied during digitization (includes tipped-in insert).</subfield></datafield><datafield tag="500" ind1=" " ind2=" "><subfield code="a">Explicit: "قوله اعلم ان الحواشي اعلم ان ما نقل عنه في حواش هذا الشرح لما كانت مضبوطة معتمدا عليها عندي الترمت الاشارة اليها في مواضعها ليعتمد عليها المحصلون ويميزها عن غيرها الطالبون ان الله مع الذين اتقوا والذين هم محسنون تمت بعون الله والحمد لله رب العالمين"</subfield></datafield><datafield tag="500" ind1=" " ind2=" "><subfield code="a">Incipit: "الحمد لله رب العالمين والصلوة والسلام على رسوله محمد واله اجمعين وبعد فقد قال الامام المحقق ... مولانا شمس الملة والدين محمد السمرقندي ... المنة علينا من من عليه لواهب افضل النعم التي هي نعمة العقل وذلك الواهب هو الله تع ... هذه رسالة في اداب البحث وطرق المناظرة التي يحتاج اليها كل متعلم ..."</subfield></datafield><datafield tag="500" ind1=" " ind2=" "><subfield code="a">Title from inscription on 'title page' (p.1).</subfield></datafield><datafield tag="500" ind1=" " ind2=" "><subfield code="a">Ms. codex.</subfield></datafield><datafield tag="510" ind1="4" ind2=" "><subfield code="a">Velkov, Asparouh. Les Filigranes dans les documents Ottomans: divers types d’images. Sofia: Éditions "Texte - A. Trayanov," 2005.</subfield></datafield><datafield tag="510" ind1="4" ind2=" "><subfield code="a">Brockelmann, C. GAL,</subfield><subfield code="c">I 468 (29. cmtre. 2) ; S I 849</subfield></datafield><datafield tag="520" ind1="8" ind2=" "><subfield code="a">Fine copy of the commentary by Kamāl al-Dīn Masʻūd al-Shirwānī al-Rūmī (d. 905/1499) on al-Samarqandī’s (13th c.) treatise on disputation, Risālah fī ādāb al-baḥth. Contribution to the cataloguing from Marijana Kavčič.</subfield></datafield><datafield tag="538" ind1=" " ind2=" "><subfield code="a">Mode of access: Internet.</subfield></datafield><datafield tag="541" ind1=" " ind2=" "><subfield code="a">Acquired in the Fall of 1950.</subfield></datafield><datafield tag="546" ind1=" " ind2=" "><subfield code="a">Arabic.</subfield></datafield><datafield tag="561" ind1=" " ind2=" "><subfield code="a">On upper pastedown, label with ex libris of James Heyworth-Dunne (d.1974), stamped with inventory number, "Ex Libris | J. Heyworth-Dunne | D. Lit. (London) | No. 7929" ; possible former inventory mark on 'title page' (p.1) "443/26" ; UM Library inscription on p.3 "Dunning | Heyworth-Dunne | 6-13-51 | 71955" ; numerous glosses (some in decorative geometric shapes) and marginal corrections ; notabilia (side-heads) usually marked "مبحث" or "مطلب" and rubricated.</subfield></datafield><datafield tag="600" ind1="1" ind2="0"><subfield code="a">Samarqandī, Muḥammad ibn Ashraf,</subfield><subfield code="d">13th cent.</subfield><subfield code="t">Risālah fī ādāb al-baḥth.</subfield></datafield><datafield tag="650" ind1=" " ind2="0"><subfield code="a">Manuscripts, Arabic</subfield><subfield code="z">Michigan</subfield><subfield code="z">Ann Arbor.</subfield></datafield><datafield tag="650" ind1=" " ind2="0"><subfield code="a">Logic</subfield><subfield code="v">Early works to 1800.</subfield></datafield><datafield tag="650" ind1=" " ind2="0"><subfield code="a">Dialectic</subfield><subfield code="v">Early works to 1800.</subfield></datafield><datafield tag="700" ind1="1" ind2=" "><subfield code="a">Heyworth-Dunne, J.</subfield><subfield code="q">(James),</subfield><subfield code="e">former owner.</subfield></datafield><datafield tag="773" ind1="0" ind2=" "><subfield code="a">Heyworth-Dunne Collection.</subfield></datafield><datafield tag="880" ind1="1" ind2="0"><subfield code="6">245-03/</subfield><subfield code="a">شرح مسعود الرومي على رسالة السمرقندي في علم المناظرة وآداب البحث,</subfield><subfield code="f">[اواسط الى اواخر القرن 17م؟].</subfield></datafield><datafield tag="880" ind1="1" ind2=" "><subfield code="6">100-01/</subfield><subfield code="a">شرواني، مسعود بن حسين.</subfield></datafield><datafield tag="CID" ind1=" " ind2=" "><subfield code="a">006833637</subfield></datafield><datafield tag="DAT" ind1="0" ind2=" "><subfield code="a">20190719102641.0</subfield><subfield code="b">20190719000000.0</subfield></datafield><datafield tag="DAT" ind1="1" ind2=" "><subfield code="a">20190719090653.0</subfield><subfield code="b">2019-07-19T16:12:26Z</subfield></datafield><datafield tag="DAT" ind1="2" ind2=" "><subfield code="a">2015-10-10T18:00:06Z</subfield></datafield><datafield tag="CAT" ind1=" " ind2=" "><subfield code="a">SDR-MIU</subfield><subfield code="d">EX LIBRIS - ALEPH</subfield><subfield code="l">prepare.pl-004-008</subfield></datafield><datafield tag="FMT" ind1=" " ind2=" "><subfield code="a">BK</subfield></datafield><datafield tag="HOL" ind1=" " ind2=" "><subfield code="0">sdr-miu006833637</subfield><subfield code="a">MiU</subfield><subfield code="b">SDR</subfield><subfield code="c">MIU</subfield><subfield code="p">mdp.39015079131663</subfield><subfield code="s">MIU</subfield><subfield code="1">006833637</subfield></datafield><datafield tag="974" ind1=" " ind2=" "><subfield code="b">MIU</subfield><subfield code="c">MIU</subfield><subfield code="d">20190719</subfield><subfield code="s">lit-dlps-dc</subfield><subfield code="u">mdp.39015079131663</subfield><subfield code="y">1699</subfield><subfield code="r">ic-world</subfield><subfield code="q">man</subfield></datafield></record></collection>